@online{gg,
author = {Hohenwarter, M. and Borcherds, M. and Ancsin, G. and Bencze, B. and Blossier, M. and Delobelle, A. and Denizet, C. and \'Eli\'as, J. and 
  Fekete, \'A and  G\'al, L. and Kone\v{c}n\'y, Z. and Kov\'acs, Z. and Lizelfelner, S. and Parisse, B. and Sturr, G.}, 
title = {{G}eo{G}ebra 5.0.272.0-3D}, 
note = {\url{http://www.geogebra.org}}, 
year = {2016}, 
month = sep
}


@incollection{de2000computational,
  title={Computational geometry},
  author={De Berg, Mark and Van Kreveld, Marc and Overmars, Mark and Schwarzkopf, Otfried Cheong},
  booktitle={Computational geometry},
  year={2000},
  publisher={Springer}
}






%%%%% Conceptual Spaces
@book{gardenfors2014geometry,
  title={The geometry of meaning: Semantics based on conceptual spaces},
  author={G{\"a}rdenfors, Peter},
  year={2014},
  publisher={MIT Press}
}

@article{gardenfors2004conceptualArticle,
  title={Conceptual spaces as a framework for knowledge representation},
  author={Gardenfors, Peter},
  journal={Mind and Matter},
  volume={2},
  number={2},
  pages={9--27},
  year={2004},
  publisher={Imprint Academic}
}

@book{gardenfors2004conceptual,
  title={Conceptual spaces: The geometry of thought},
  author={G{\"a}rdenfors, Peter},
  year={2004},
  publisher={MIT press}
}

@book{winter1998expectations,
  title={Expectations and linguistic meaning},
  author={Winter, Simon},
  volume={71},
  year={1998},
  publisher={Lund University Cognitive Science Kungshuset, Lundag{\aa}rdSE-222 22 LUND lucs-adm@ fil. lu. se,}
}

@book{croft2002typology,
  title={Typology and universals},
  author={Croft, William},
  year={2002},
  publisher={Cambridge University Press}
}


%%%%% Knowledge Hierarchy
@article{Rowley2007,
author = {Rowley, JE},
journal = {Journal of information science},
title = {{The wisdom hierarchy: representations of the DIKW hierarchy}},
url = {http://jis.sagepub.com/content/early/2007/02/15/0165551506070706.short},
year = {2007}
}

@article{fricke2009knowledge,
  title={The knowledge pyramid: a critique of the DIKW hierarchy},
  author={Frick{\'e}, Martin},
  journal={Journal of information science},
  volume={35},
  number={2},
  pages={131--142},
  year={2009},
  publisher={Sage Publications}
}

@article{ackoff1989data,
  title={From data to wisdom},
  author={Ackoff, Russell L},
  journal={Journal of applied systems analysis},
  volume={16},
  number={1},
  pages={3--9},
  year={1989}
}

@misc{bellinger2004data,
  title={Data, information, knowledge, and wisdom},
  author={Bellinger, Gene and Castro, Durval and Mills, Anthony},
  year={2004}
}

@article{choo1996knowing,
  title={The knowing organization: How organizations use information to construct meaning, create knowledge and make decisions},
  author={Choo, Chun Wei},
  journal={International journal of information management},
  volume={16},
  number={5},
  pages={329--340},
  year={1996},
  publisher={Elsevier}
}

@book{bocij2008business,
  title={Business information systems: Technology, development and management},
  author={Bocij, Paul and Greasley, Andrew and Hickie, Simon},
  year={2008},
  publisher={Pearson education}
}

@book{curtis2008business,
  title={Business information systems: Analysis, design and practice},
  author={Curtis, Graham and Cobham, David},
  year={2008},
  publisher={Pearson Education}
}

@book{pearlson2004managing,
  title={Managing and using information systems: A strategic approach},
  author={Pearlson, Keri and Saunders, Carol S},
  year={2004},
  publisher={Wiley New York, NY}
}

@article{laudon2004management,
  title={Management information systems: managing the digital firm},
  author={Laudon, Kenneth C and Laudon, Jane P},
  journal={New Jersey},
  volume={8},
  year={2004}
}

@article{kakabadse2003reviewing,
  title={Reviewing the knowledge management literature: towards a taxonomy},
  author={Kakabadse, Nada K and Kakabadse, Andrew and Kouzmin, Alexander},
  journal={Journal of knowledge management},
  volume={7},
  number={4},
  pages={75--91},
  year={2003},
  publisher={MCB UP Ltd}
}

@book{chaffey2010business,
  title={Business information management: improving performance using information systems},
  author={Chaffey, Dave and White, Gareth},
  year={2010},
  publisher={Pearson Education}
}

@book{newell2009managing,
  title={Managing knowledge work and innovation},
  author={Newell, Sue and Robertson, Maxine and Scarbrough, Harry and Swan, Jacky},
  year={2009},
  publisher={Palgrave Macmillan}
}


@book{despres2012knowledge,
  title={Knowledge horizons},
  author={Despres, Charles and Chauvel, Daniele},
  year={2012},
  publisher={Routledge}
}


%%%%% awareness
@article{zhao2012awareness,
  title={Awareness science and engineering},
  author={Zhao, Qiangfu and Hsieh, Cheng-Hsiung and Naruse, Keitaro and She, Zhishun},
  journal={Applied Computational Intelligence and Soft Computing},
  year={2012},
  publisher={Hindawi Publishing Corporation}
}

@incollection{zhao2013computational,
  title={Computational awareness: another way towards intelligence},
  author={Zhao, Qiangfu},
  booktitle={Computational Intelligence},
  pages={3--14},
  year={2013},
  publisher={Springer}
}

@article{lundstrom2014situation,
  title={Situation Awareness in Colour Printing and Beyond},
  author={Lundstr{\"o}m, Jens},
  year={2014},
  publisher={Halmstad University Press}
}

@article{endsley1995toward,
  title={Toward a theory of situation awareness in dynamic systems},
  author={Endsley, Mica R},
  journal={Human Factors: The Journal of the Human Factors and Ergonomics Society},
  volume={37},
  number={1},
  pages={32--64},
  year={1995},
  publisher={SAGE Publications}
}

@book{endsley2011designing,
  title={Designing for situation awareness: An approach to user-centered design},
  author={Endsley, Mica R},
  year={2011},
  publisher={CRC press}
}


%%%%% Intelligent Warehosues Solution
@inproceedings{vasiljevic2014multi,
  title={Multi-layer mapping-based autonomous forklift localization in an industrial environment},
  author={Vasiljevic, Goran and Petric, Frano and Kovacic, Zdenko},
  booktitle={Control and Automation (MED), 2014 22nd Mediterranean Conference of},
  pages={1134--1139},
  year={2014},
  organization={IEEE}
}

@inproceedings{beinschob2014advances,
  title={Advances in 3D data acquisition, mapping and localization in modern large-scale warehouses},
  author={Beinschob, Patric and Reinke, Christoph},
  booktitle={Intelligent Computer Communication and Processing (ICCP), 2014 IEEE International Conference on},
  pages={265--271},
  year={2014},
  organization={IEEE}
}

@article{krug2016next,
  title={The Next Step in Robot Commissioning: Autonomous Picking \& Palletizing},
  author={Krug, Robert and Stoyanov, Todor and Tincani, Vinicio and Andreasson, Henrik and Mosberger, Rafael and Fantoni, Gualtiero and Lilienthal, Achim J},
  journal={IEEE Robotics and Automation Letters, under review--manuscript available at: http://www. aass. oru. se/Research/Learning/publications/APPLE. pdf},
  year={2016}
}

@article{stoyanov2016no,
  title={No More Heavy Lifting: Robotic Solutions to the Container Unloading Problem},
  author={Stoyanov, Todor and Vaskevicius, Narunas and M{\"u}ller, C and Fromm, Tobias and Krug, Robert and Tincani, Vinicio and Mojtahedzadeh, Rasoul and Kunaschk, Stefan and Ernits, Rafael Mortensen and Canelhas, Daniel R and others},
  journal={IEEE Robotics and Automation Magazine, under review--manuscript available at: http://www. aass. oru. se/Research/Learning/publications/RobLog. pdf},
  year={2016}
}

@article{mosberger2014customized,
  title={A Customized Vision System for Tracking Humans wearing Reflective Safety Clothing from Industrial Vehicles and Machinery},
  author={Mosberger, Rafael and Andreasson, Henrik and Lilienthal, Achim J},
  journal={Sensors},
  volume={14},
  number={10},
  pages={17952--17980},
  year={2014},
  publisher={Multidisciplinary Digital Publishing Institute}
}

@inproceedings{stoyanov2013normal,
  title={Normal distributions transform occupancy map fusion: Simultaneous mapping and tracking in large scale dynamic environments},
  author={Stoyanov, Todor and Saarinen, Jari and Andreasson, Henrik and Lilienthal, Achim J},
  booktitle={Intelligent Robots and Systems (IROS), 2013 IEEE/RSJ International Conference on},
  pages={4702--4708},
  year={2013},
  organization={IEEE}
}


@inproceedings{valencia2014localization,
  title={Localization in highly dynamic environments using dual-timescale NDT-MCL},
  author={Valencia, Rafael and Saarinen, Jari and Andreasson, Henrik and Vallv{\'e}, Joan and Andrade-Cetto, Juan and Lilienthal, Achim J},
  booktitle={Robotics and Automation (ICRA), 2014 IEEE International Conference on},
  pages={3956--3962},
  year={2014},
  organization={IEEE}
}


@inproceedings{cardarelli2014multisensor,
  title={Multisensor data fusion for obstacle detection in automated factory logistics},
  author={Cardarelli, Elena and Sabattini, Lorenzo and Secchi, Cristian and Fantuzzi, Cesare},
  booktitle={Intelligent Computer Communication and Processing (ICCP), 2014 IEEE International Conference on},
  pages={221--226},
  year={2014},
  organization={IEEE}
}

@inproceedings{cardarelli2015cloud,
  title={Cloud robotics paradigm for enhanced navigation of autonomous vehicles in real world industrial applications},
  author={Cardarelli, Elena and Sabattini, Lorenzo and Secchi, Cristian and Fantuzzi, Cesare},
  booktitle={Intelligent Robots and Systems (IROS), 2015 IEEE/RSJ International Conference on},
  pages={4518--4523},
  year={2015},
  organization={IEEE}
}


@article{nur2015projection,
  title={Projection of RFID-Obtained Product Information on a Retail Stores Indoor Panoramas},
  author={Nur, Kamruddin and Morenza-Cinos, Marc and Carreras, Anna and Pous, Rafael},
  journal={Intelligent Systems, IEEE},
  volume={30},
  number={6},
  pages={30--37},
  year={2015},
  publisher={IEEE}
}

%%%%% semantics
@phdthesis{duceux2015towards,
  title={Towards Unsupervised And Incremental Semantic Mapping},
  author={Duceux, Guillaume},
  year={2015},
  school={ENSTA ParisTech}
}


@article{freeman2001neurobiology,
  title={The neurobiology of semantics: how can machines be designed to have meanings?},
  author={Freeman, Walter J},
  journal={What Should be Computed to Understand and Model Brain Function?: From Robotics, Soft Computing, Biology and Neuroscience to Cognitive Philosophy},
  volume={3},
  pages={207},
  year={2001},
  publisher={World Scientific}
}

@book{langacker1987foundations,
  title={Foundations of cognitive grammar: Theoretical prerequisites},
  author={Langacker, Ronald W},
  volume={1},
  year={1987},
  publisher={Stanford university press}
}

@article{kostavelis2013learning,
  title={Learning spatially semantic representations for cognitive robot navigation},
  author={Kostavelis, Ioannis and Gasteratos, Antonios},
  journal={Robotics and Autonomous Systems},
  volume={61},
  number={12},
  pages={1460--1475},
  year={2013},
  publisher={Elsevier}
}

@inproceedings{viswanathan2010automated,
  title={Automated place classification using object detection},
  author={Viswanathan, Pooja and Southey, Tristram and Little, James and Mackworth, Alan},
  booktitle={Computer and Robot Vision (CRV), 2010 Canadian Conference on},
  pages={324--330},
  year={2010},
  organization={IEEE}
}

@inproceedings{viswanathan2011place,
  title={Place classification using visual object categorization and global information},
  author={Viswanathan, Pooja and Southey, Tristram and Little, James and Mackworth, Alan},
  booktitle={Computer and Robot Vision (CRV), 2011 Canadian Conference on},
  pages={1--7},
  year={2011},
  organization={IEEE}
}

@article{milella2014visual,
  title={Visual ground segmentation by radar supervision},
  author={Milella, Annalisa and Reina, Giulio and Underwood, James and Douillard, Bertrand},
  journal={Robotics and Autonomous Systems},
  volume={62},
  number={5},
  pages={696--706},
  year={2014},
  publisher={Elsevier}
}

@inproceedings{nieto2010semantic,
  title={Semantic map partitioning in indoor environments using regional analysis},
  author={Nieto-Granda, Carlos and Rogers III, John G and Trevor, Alexander JB and Christensen, Henrik I},
  booktitle={Intelligent Robots and Systems (IROS), 2010 IEEE/RSJ International Conference on},
  pages={1451--1456},
  year={2010},
  organization={IEEE}
}


@article{kostavelis2015semantic,
  title={Semantic mapping for mobile robotics tasks: A survey},
  author={Kostavelis, Ioannis and Gasteratos, Antonios},
  journal={Robotics and Autonomous Systems},
  volume={66},
  pages={86--103},
  year={2015},
  publisher={Elsevier}
}

@inproceedings{iocchi2007building,
  title={Building 3d maps with semantic elements integrating 2d laser, stereo vision and imu on a mobile robot},
  author={Iocchi, Luca and Pellegrini, Stefano},
  booktitle={Proc. 2nd ISPRS Intl. Workshop 3D-ARCH},
  year={2007}
}


@inproceedings{blodow2011autonomous,
  title={Autonomous semantic mapping for robots performing everyday manipulation tasks in kitchen environments},
  author={Blodow, Nico and Goron, Lucian Cosmin and Marton, Zoltan-Csaba and Pangercic, Dejan and R{\"u}hr, Thomas and Tenorth, Moritz and Beetz, Michael},
  booktitle={Intelligent Robots and Systems (IROS), 2011 IEEE/RSJ International Conference on},
  pages={4263--4270},
  year={2011},
  organization={IEEE}
}

@article{rusu2008towards,
  title={Towards 3D point cloud based object maps for household environments},
  author={Rusu, Radu Bogdan and Marton, Zoltan Csaba and Blodow, Nico and Dolha, Mihai and Beetz, Michael},
  journal={Robotics and Autonomous Systems},
  volume={56},
  number={11},
  pages={927--941},
  year={2008},
  publisher={Elsevier}
}

@article{pronobis2011semantic,
  title={Semantic mapping with mobile robots},
  author={Pronobis, Andrzej},
  year={2011},
  publisher={KTH Royal Institute of Technology}
}

@inproceedings{gunther2013building,
  title={Building semantic object maps from sparse and noisy 3d data},
  author={Gunther, Martin and Wiemann, Thomas and Albrecht, Stephan and Hertzberg, Joachim},
  booktitle={Intelligent Robots and Systems (IROS), 2013 IEEE/RSJ International Conference on},
  pages={2228--2233},
  year={2013},
  organization={IEEE}
}

@article{alirezaie2015bridging,
  title={Bridging the Semantic Gap between Sensor Data and Ontological Knowledge},
  author={Alirezaie, Marjan},
  year={2015},
  publisher={{\"O}rebro university}
}


@incollection{luperto2013system,
  title={A system for building semantic maps of indoor environments exploiting the concept of building typology},
  author={Luperto, Matteo and Li, Alberto Quattrini and Amigoni, Francesco},
  booktitle={RoboCup 2013: Robot World Cup XVII},
  pages={504--515},
  year={2013},
  publisher={Springer}
}

@article{vasudevan2007cognitive,
  title={Cognitive maps for mobile robots—an object based approach},
  author={Vasudevan, Shrihari and G{\"a}chter, Stefan and Nguyen, Viet and Siegwart, Roland},
  journal={Robotics and Autonomous Systems},
  volume={55},
  number={5},
  pages={359--371},
  year={2007},
  publisher={Elsevier}
}


@inproceedings{biswas2002towards,
  title={Towards object mapping in non-stationary environments with mobile robots},
  author={Biswas, Rahul and Limketkai, Benson and Sanner, Scott and Thrun, Sebastian},
  booktitle={Intelligent Robots and Systems, 2002. IEEE/RSJ International Conference on},
  volume={1},
  pages={1014--1019},
  year={2002},
  organization={IEEE}
}

@inproceedings{angeli2009visual,
  title={Visual topological SLAM and global localization},
  author={Angeli, Adrien and Doncieux, St{\'e}phane and Meyer, Jean-Arcady and Filliat, David},
  booktitle={Robotics and Automation, 2009. ICRA'09. IEEE International Conference on},
  pages={4300--4305},
  year={2009},
  organization={IEEE}
}

@article{lim2012online,
  title={Online environment mapping using metric-topological maps},
  author={Lim, Jongwoo and Frahm, Jan-Michael and Pollefeys, Marc},
  journal={The International Journal of Robotics Research},
  volume={31},
  number={12},
  pages={1394--1408},
  year={2012},
  publisher={SAGE Publications}
}

@inproceedings{bazeille2011incremental,
  title={Incremental topo-metric slam using vision and robot odometry},
  author={Bazeille, St{\'e}phane and Filliat, David},
  booktitle={Robotics and Automation (ICRA), 2011 IEEE International Conference on},
  pages={4067--4073},
  year={2011},
  organization={IEEE}
}


@inproceedings{blanco2007new,
  title={A new approach for large-scale localization and mapping: Hybrid metric-topological SLAM},
  author={Blanco, Jose-Luis and Fern{\'a}ndez-Madrigal, Juan-Antonio and Gonzalez, Javier},
  booktitle={Robotics and Automation, 2007 IEEE International Conference on},
  pages={2061--2067},
  year={2007},
  organization={IEEE}
}

@inproceedings{nielsen2004snapshots,
  title={Snapshots for semantic maps},
  author={Nielsen, Curtis W and Ricks, Bob and Goodrich, Michael A and Bruemmer, David and Few, Doug and Few, Doug},
  booktitle={Systems, Man and Cybernetics, 2004 IEEE International Conference on},
  volume={3},
  pages={2853--2858},
  year={2004},
  organization={IEEE}
}

@article{thrun1998learning,
  title={Learning metric-topological maps for indoor mobile robot navigation},
  author={Thrun, Sebastian},
  journal={Artificial Intelligence},
  volume={99},
  number={1},
  pages={21--71},
  year={1998},
  publisher={Elsevier}
}

@inproceedings{aydemir2011plan,
  title={Plan-based Object Search and Exploration using Semantic Spatial Knowledge in the Real World.},
  author={Aydemir, Alper and G{\"o}belbecker, Moritz and Pronobis, Andrzej and Sj{\"o}{\"o}, Kristoffer and Jensfelt, Patric},
  booktitle={ECMR},
  pages={13--18},
  year={2011}
}

@article{elfes1989using,
  title={Using occupancy grids for mobile robot perception and navigation},
  author={Elfes, Alberto},
  journal={Computer},
  volume={22},
  number={6},
  pages={46--57},
  year={1989},
  publisher={IEEE}
}

@article{tomatis2003hybrid,
  title={Hybrid simultaneous localization and map building: a natural integration of topological and metric},
  author={Tomatis, Nicola and Nourbakhsh, Illah and Siegwart, Roland},
  journal={Robotics and Autonomous systems},
  volume={44},
  number={1},
  pages={3--14},
  year={2003},
  publisher={Elsevier}
}

@incollection{nuchter20053d,
  title={3D mapping with semantic knowledge},
  author={N{\"u}chter, Andreas and Wulf, Oliver and Lingemann, Kai and Hertzberg, Joachim and Wagner, Bernardo and Surmann, Hartmut},
  booktitle={RoboCup 2005: Robot Soccer World Cup IX},
  pages={335--346},
  year={2005},
  publisher={Springer}
}


%%%%% MISC

@article{kuipers1978modeling,
  title={Modeling spatial knowledge},
  author={Kuipers, Benjamin},
  journal={Cognitive science},
  volume={2},
  number={2},
  pages={129--153},
  year={1978},
  publisher={Elsevier}
}

@article{kuipers1991robot,
  title={A robot exploration and mapping strategy based on a semantic hierarchy of spatial representations},
  author={Kuipers, Benjamin and Byun, Yung-Tai},
  journal={Robotics and autonomous systems},
  volume={8},
  number={1},
  pages={47--63},
  year={1991},
  publisher={Elsevier}
}


@article{kuipers2000spatial,
  title={The spatial semantic hierarchy},
  author={Kuipers, Benjamin},
  journal={Artificial intelligence},
  volume={119},
  number={1},
  pages={191--233},
  year={2000},
  publisher={Elsevier}
}

@inproceedings{presthus2014strawberry,
  title={STRAWBERRY ANALYSIS WRITING A PAPER-BASED PHD},
  author={Presthus, Wanda and Bygstad, Bendik},
  booktitle={Norsk konferanse for organisasjoners bruk av IT},
  volume={22},
  number={1},
  year={2014}
}

@Misc{roiland2013rick,
  author =    {Roiland, Justin and Harmon, Dan and McMahan, Mike and Rice, John and Michels, Pete},
  title =     {Rick and Morty - "Something Ricked This Way Comes" [Television series episode]},
  year =      {2013},
  url = "http://www.adultswim.com/videos/rick-and-morty/"
}

@article{tomasello2001perceiving,
  title={Perceiving intentions and learning words in the second year of life},
  author={Tomasello, Michael},
  journal={Language acquisition and conceptual development},
  pages={132--158},
  year={2001}
}

@book{bloom2000children,
  title={How children learn the meanings of words},
  author={Bloom, Paul},
  year={2000},
  publisher={MIT press Cambridge, MA}
}

@book{thrun2005probabilistic,
  title={Probabilistic robotics},
  author={Thrun, Sebastian and Burgard, Wolfram and Fox, Dieter},
  year={2005},
  publisher={MIT press}
}

@misc{shirky2003semantic,
  title={The semantic web, syllogism, and worldview},
  author={Shirky, Clay},
  year={2003},
url={http://www.shirky.com/writings/semantic_syllogism.html}
}


@article{son2008simplicity,
  title={Simplicity and generalization: Short-cutting abstraction in children's object categorizations},
  author={Son, Ji Y and Smith, Linda B and Goldstone, Robert L},
  journal={Cognition},
  volume={108},
  number={3},
  pages={626--638},
  year={2008},
  publisher={Elsevier}
}

@article{smith2009fragments,
  title={From fragments to geometric shape changes in visual object recognition between 18 and 24 months},
  author={Smith, Linda B},
  journal={Current Directions in Psychological Science},
  volume={18},
  number={5},
  pages={290--294},
  year={2009},
  publisher={SAGE Publications}
}


@inproceedings{wurm2010octomap,
  title={OctoMap: A probabilistic, flexible, and compact 3D map representation for robotic systems},
  author={Wurm, Kai M and Hornung, Armin and Bennewitz, Maren and Stachniss, Cyrill and Burgard, Wolfram},
  booktitle={Proc. of the ICRA 2010 workshop on best practice in 3D perception and modeling for mobile manipulation},
  volume={2},
  year={2010}
}

@inproceedings{martinelli2005multi,
  title={Multi-resolution slam for real world navigation},
  author={Martinelli, Agostino and Tapus, Adriana and Arras, Kai Olivier and Siegwart, Roland},
  booktitle={Robotics Research. The Eleventh International Symposium},
  pages={442--452},
  year={2005},
  organization={Springer}
}

@inproceedings{lamar2000multiresolution,
  title={Multiresolution techniques for interactive texture-based volume visualization},
  author={LaMar, Eric and Hamann, Bernd and Joy, Kenneth I},
  booktitle={Electronic Imaging},
  pages={365--374},
  year={2000},
  organization={International Society for Optics and Photonics}
}

%%% Anchoring 

@article{coradeschi2003introduction,
  title={An introduction to the anchoring problem},
  author={Coradeschi, Silvia and Saffiotti, Alessandro},
  journal={Robotics and Autonomous Systems},
  volume=43,
  number=2,
  pages={85--96},
  year=2003,
  publisher={Elsevier}
}

@book{coradeschi2008review,
  title={A review of past and future trends in perceptual anchoring},
  author={Coradeschi, Silvia and Loutfi, Amy},
  year={2008},
  publisher={INTECH Open Access Publisher}
}

@article{daoutis2013knowledge,
  title={Knowledge based perceptual anchoring},
  author={Daoutis, Marios},
  journal={KI-K{\"u}nstliche Intelligenz},
  volume={27},
  number={2},
  pages={179--182},
  year={2013},
  publisher={Springer}
}

@phdthesis{holmqvist1993implementing,
  title={Implementing cognitive semantics},
  author={Holmqvist, Kenneth},
  year={1993},
  school={Lund University}
}

@book{mandler2004foundations,
  title={The foundations of mind: Origins of conceptual thought},
  author={Mandler, Jean Matter},
  year={2004},
  publisher={Oxford University Press}
}

@article{nuchter2014semantic,
title = "Semantic perception, mapping and exploration ",
journal = "Robotics and Autonomous Systems ",
volume = "62",
number = "5",
pages = "617 - 618",
year = "2014",
note = "Special Issue Semantic Perception, Mapping and Exploration ",
issn = "0921-8890",
doi = "http://dx.doi.org/10.1016/j.robot.2013.10.002",
url = "http://www.sciencedirect.com/science/article/pii/S0921889013001930",
author = "Andreas Nüchter and Radu B. Rusu and Dirk Holz and Daniel Munoz"
}


%%%%%%%%%%%%%%%%%%%%%%%%%%%%%%%%%%%%%%%%%%%%%%%%%%%%%%%%%%%%%%%%%%%%%%%%%%%%%%%%
%%%%%%%%%%%%%%%%%%%%%%%%%%%%%%%%% from AGM %%%%%%%%%%%%%%%%%%%%%%%%%%%%%%%%%%%%%
%%%%%%%%%%%%%%%%%%%%%%%%%%%%%%%%%%%%%%%%%%%%%%%%%%%%%%%%%%%%%%%%%%%%%%%%%%%%%%%%
@inproceedings{mozos2005supervised,
	author = "Mozos, O Mart{\i}nez and Stachniss, Cyrill and Burgard, Wolfram",
	booktitle = "{Robotics and Automation, 2005. ICRA 2005. Proceedings of the 2005 IEEE International Conference on}",
	organization = "IEEE",
	pages = "1730--1735",
	title = "{Supervised learning of places from range data using adaboost}",
	year = 2005
}

@inproceedings{rottmann2005semantic,
  title={Semantic place classification of indoor environments with mobile robots using boosting},
  author={Rottmann, Axel and Mozos, {\'O}scar Mart{\'\i}nez and Stachniss, Cyrill and Burgard, Wolfram},
  booktitle={AAAI},
  volume={5},
  pages={1306--1311},
  year={2005}
}

@article{koppula2011semantic,
	author = "Koppula, Hema Swetha and Anand, Abhishek and Joachims, Thorsten and Saxena, Ashutosh",
	journal = "Proceedings of the Advances in Neural Information Processing Systems",
	title = "{Semantic labeling of 3d point clouds for indoor scenes}",
	year = "2011"
}

@inproceedings{fabrizi2000extracting,
	author = "Fabrizi, Elisabetta and Saffiotti, Alessandro",
	booktitle = "{Robotics and Automation, 2000. Proceedings. ICRA'00. IEEE International Conference on}",
	organization = "IEEE",
	pages = "2972--2978",
	title = "{Extracting topology-based maps from gridmaps}",
	volume = "3",
	year = "2000"
}

@inproceedings{friedman2007voronoi,
	author = "Friedman, Stephen and Pasula, Hanna and Fox, Dieter",
	booktitle = "{Proc. of the International Joint Conference on Artificial Intelligence (IJCAI)}",
	title = "{Voronoi random fields: Extracting the topological structure of indoor environments via place labeling}",
	volume = "35",
	year = "2007"
}

@article{zivkovic2007images,
	author = "Zivkovic, Zoran and Booij, Olaf and Kr{\"o}se, Ben",
	journal = "Robotics and Autonomous Systems",
	number = "5",
	pages = "411--418",
	publisher = "Elsevier",
	title = "{From images to rooms}",
	volume = "55",
	year = "2007"
}

@inproceedings{joo2010generating,
	author = "Joo, Kwangro and Lee, Tae-Kyeong and Baek, Sanghoon and Oh, Se-Young",
	booktitle = "{Evolutionary Computation (CEC), 2010 IEEE Congress on}",
	organization = "IEEE",
	pages = "1--6",
	title = "{Generating topological map from occupancy grid-map using virtual door detection}",
	year = "2010"
}

@article{liu2013extracting,
	author = "Liu, Ziyuan and von Wichert, Georg",
	doi = "10.1016/j.robot.2012.10.004",
	journal = "Robotics and Autonomous Systems",
	publisher = "Elsevier",
	title = "{Extracting semantic indoor maps from occupancy grids}",
	year = "2013"
}

%%%%%%%%%%%%%%%%%%%%%%%%%%%%%%%%%%%%%%%%%%%%%%%%%%%%%%%%%%%%%%%%%%%%%%%%%%%%%%%%
%%%%%%%%%%%%%%%%%%%%%%%%%%%%%%%%%%% from PRCM %%%%%%%%%%%%%%%%%%%%%%%%%%%%%%%%%%
%%%%%%%%%%%%%%%%%%%%%%%%%%%%%%%%%%%%%%%%%%%%%%%%%%%%%%%%%%%%%%%%%%%%%%%%%%%%%%%%
@article{duda1972use,
  title={Use of the Hough transformation to detect lines and curves in pictures},
  author={Duda, Richard O and Hart, Peter E},
  journal={Communications of the ACM},
  volume={15},
  number={1},
  pages={11--15},
  year={1972},
  publisher={ACM}
}

@INPROCEEDINGS{Ester96dbscan,
  author = {Martin Ester and Hans-peter Kriegel and Jörg S and Xiaowei Xu},
  title = {A density-based algorithm for discovering clusters in large spatial databases with noise},
  year = {1996},
  pages = {226--231},
  publisher = {AAAI Press}
}

@article{scikit-learn,
  title={Scikit-learn: Machine Learning in {P}ython},
  author={Pedregosa, F. et. al.},
  journal={Journal of Machine Learning Research},
  volume={12},
  pages={2825--2830},
  year={2011}
}

@Misc{scipy,
  author =    {Eric Jones and Travis Oliphant and Pearu Peterson and others},
  title =     {{SciPy}: Open source scientific tools for {Python}},
  year =      {2001--},
  url = "http://www.scipy.org/"
}

@article{opencv_library,
    author = {Bradski, G.},
    citeulike-article-id = {2236121},
    journal = {Dr. Dobb's Journal of Software Tools},
    posted-at = {2008-01-15 19:21:54},
    priority = {4},
    title = {OpenCV Library},
    year = {2000}
}

@article{swain1991color,
  title={Color indexing},
  author={Swain, Michael J and Ballard, Dana H},
  journal={International journal of computer vision},
  volume={7},
  number={1},
  pages={11--32},
  year={1991},
  publisher={Springer}
}

@article{du2006improved,
  title={Improved peak detection in mass spectrum by incorporating continuous wavelet transform-based pattern matching},
  author={Du, Pan and Kibbe, Warren A and Lin, Simon M},
  journal={Bioinformatics},
  volume={22},
  number={17},
  pages={2059--2065},
  year={2006},
  publisher={Oxford Univ Press}
}

%%%%%%%%%%%%%%%% related works
@inproceedings{galindo2005multi,
  title={Multi-hierarchical semantic maps for mobile robotics},
  author={Galindo, Cipriano and Saffiotti, Alessandro and Coradeschi, Silvia and Buschka, P{\"a}r and Fernandez-Madrigal, Juan-Antonio and Gonz{\'a}lez, Javier},
  booktitle={Intelligent Robots and Systems, 2005.(IROS 2005). 2005 IEEE/RSJ International Conference on},
  pages={2278--2283},
  year={2005},
  organization={IEEE}
}

@inproceedings{trevor2010applying,
   title={Applying domain knowledge to SLAM using virtual measurements},
  author={Trevor, Alexander JB and Rogers, John G and Nieto, Carlos and Christensen, Henrik Iskov},
  booktitle={Robotics and Automation (ICRA), 2010 IEEE International Conference on},
  pages={5389--5394},
  year={2010},
  organization={IEEE}
}

@article{de2014feature,
  title={Feature based graph-SLAM in structured environments},
  author={de la Puente, P and Rodriguez-Losada, D},
  journal={Autonomous Robots},
  pages={1--18},
  year={2014},
  publisher={Springer}
}

@article{park2009vision,
  title={Vision-based global localization for mobile robots with hybrid maps of objects and spatial layouts},
  author={Park, Soonyong and Kim, Soohwan and Park, Mignon and Park, Sung-Kee},
  journal={Information Sciences},
  volume={179},
  number={24},
  pages={4174--4198},
  year={2009},
  publisher={Elsevier}
}

@inproceedings{anati2012robot,
  title={Robot localization using soft object detection},
  author={Anati, Roy and Scaramuzza, Davide and Derpanis, Konstantinos G and Daniilidis, Kostas},
  booktitle={Robotics and Automation (ICRA), 2012 IEEE International Conference on},
  pages={4992--4999},
  year={2012},
  organization={IEEE}
}

@incollection{wolter2004shape,
  title={Shape-based robot mapping},
  author={Wolter, Diedrich and Latecki, Longin J and Lak{\"a}mper, Rolf and Sun, Xinyui},
  booktitle={KI 2004: Advances in Artificial Intelligence},
  pages={439--452},
  year={2004},
  publisher={Springer}
}

@article{wolf2008semantic,
  title={Semantic mapping using mobile robots},
  author={Wolf, Denis F and Sukhatme, G},
  journal={Robotics, IEEE Transactions on},
  volume={24},
  number={2},
  pages={245--258},
  year={2008},
  publisher={IEEE}
}

@inproceedings{persson2007probabilistic,
  title={Probabilistic semantic mapping with a virtual sensor for building/nature detection},
  author={Persson, Martin and Duckett, Tom and Valgren, Christoffer and Lilienthal, Achim},
  booktitle={Computational Intelligence in Robotics and Automation, 2007. CIRA 2007. International Symposium on},
  pages={236--242},
  year={2007},
  organization={IEEE}
}

@inproceedings{pronobis2012large,
  title={Large-scale semantic mapping and reasoning with heterogeneous modalities},
  author={Pronobis, Andrzej and Jensfelt, Patric},
  booktitle={Robotics and Automation (ICRA), 2012 IEEE International Conference on},
  pages={3515--3522},
  year={2012},
  organization={IEEE}
}

@article{zender2008conceptual,
  title={Conceptual spatial representations for indoor mobile robots},
  author={Zender, Hendrik and Mart{\'\i}nez Mozos, O and Jensfelt, Patric and Kruijff, G-JM and Burgard, Wolfram},
  journal={Robotics and Autonomous Systems},
  volume={56},
  number={6},
  pages={493--502},
  year={2008},
  publisher={Elsevier}
}

%%%%%%%%%%%%%%%%%%%% SLAM
@inproceedings{bailey2003constrained,
  title={Constrained initialisation for bearing-only SLAM},
  author={Bailey, Tim},
  booktitle={Robotics and Automation, 2003. Proceedings. ICRA'03. IEEE International Conference on},
  volume={2},
  pages={1966--1971},
  year={2003},
  organization={IEEE}
}

@inproceedings{sola2005undelayed,
  title={Undelayed initialization in bearing only SLAM},
  author={Sola, Joan and Monin, Andr{\'e} and Devy, Michel and Lemaire, Thomas},
  booktitle={Intelligent Robots and Systems, 2005.(IROS 2005). 2005 IEEE/RSJ International Conference on},
  pages={2499--2504},
  year={2005},
  organization={IEEE}
}


%%%%%%%%%%%%%%%%%%%%%%%%%%%%%%%%%%%%%%%%%%%%%%%%%%%%%%%%%%%%%%%%%%%%%%%%%%%%%%%%
%%%%%%%%%%%%%%%%%%%%%%%%%%%%%%%%%%% from KAF %%%%%%%%%%%%%%%%%%%%%%%%%%%%%%%%%%%
%%%%%%%%%%%%%%%%%%%%%%%%%%%%%%%%%%%%%%%%%%%%%%%%%%%%%%%%%%%%%%%%%%%%%%%%%%%%%%%%
@inproceedings{shahbandi2014sensor,
  booktitle={to appear in 13th International Conference on Control, Automation, Robotics \& Vision (ICARCV)},
  title={Sensor Based Adaptive Metric-Topological Cell Decomposition Method for Semantic Annotation of Structured Environments},
  author={Saeed Gholami Shahbandi and Bj\"orn {\AA}strand and Roland Philippsen},
  url={http://urn.kb.se/resolve?urn=urn:nbn:se:hh:diva-26597}
}

@incollection{shahbandi2014modeling,
year={2014},
isbn={978-3-319-10400-3},
booktitle={Advances in Autonomous Robotics Systems},
volume={8717},
series={Lecture Notes in Computer Science},
editor={Mistry, Michael and Leonardis, Ales and Witkowski, Mark and Melhuish, Chris},
title={Modeling of a Large Structured Environment},
publisher={Springer International Publishing},
author={Shahbandi, Saeed Gholami and Bj\"orn {\AA}strand},
pages={1-12},
language={English},
url={http://urn.kb.se/resolve?urn=urn:nbn:se:hh:diva-26316}
}

@article{bigun1994n,
  title={N-folded symmetries by complex moments in Gabor space and their application to unsupervised texture segmentation},
  author={Bigun, Josef and du Buf, JM Hans},
  journal={Pattern Analysis and Machine Intelligence, IEEE Transactions on},
  volume={16},
  number={1},
  pages={80--87},
  year={1994},
  publisher={IEEE}
}

@inproceedings{pourmehr2013you,
  title={“You two! Take off!”: Creating, modifying and commanding groups of robots using face engagement and indirect speech in voice commands},
  author={Pourmehr, Shokoofeh and Monajjemi, Valiallah Mani and Vaughan, Richard and Mori, Greg},
  booktitle={Intelligent Robots and Systems (IROS), 2013 IEEE/RSJ International Conference on},
  pages={137--142},
  year={2013},
  organization={IEEE}
}

@inproceedings{monajjemi2013hri,
  title={Hri in the sky: Creating and commanding teams of uavs with a vision-mediated gestural interface},
  author={Monajjemi, Valiallah Mani and Wawerla, Jens and Vaughan, Richard and Mori, Greg},
  booktitle={Intelligent Robots and Systems (IROS), 2013 IEEE/RSJ International Conference on},
  pages={617--623},
  year={2013},
  organization={IEEE}
}

@article{rusu2010semantic,
  title={Semantic 3D object maps for everyday manipulation in human living environments},
  author={Rusu, Radu Bogdan},
  journal={KI-K{\"u}nstliche Intelligenz},
  volume={24},
  number={4},
  pages={345--348},
  year={2010},
  publisher={Springer}
}

@inproceedings{capobiancoIAS14,
  author    = {Capobianco, Roberto and Gemignani, Guglielmo and Bloisi, Domenico Daniele and Nardi, Daniele and Iocchi, Luca},
  title     = {Automatic Extraction of Structural Representations of Environments},
  booktitle = {Proceedings of the 13th Intelligent Autonomous System conference},
  year      = {2014}
}

@INPROCEEDINGS{icar13bastianelli,
author={Bastianelli, Emanuele and Bloisi, Domenico Daniele and Capobianco, Roberto and Cossu, Fabrizio and Gemignani, Guglielmo and Iocchi, Luca and Nardi, Daniele}, 
booktitle={Advanced Robotics (ICAR), 2013 16th International Conference on}, 
title={On-line semantic mapping}, 
year={2013}, 
month={Nov}, 
pages={1-6}
}

@article{liu2014extracting,
  title={Extracting semantic indoor maps from occupancy grids},
  author={Liu, Ziyuan and von Wichert, Georg},
  journal={Robotics and Autonomous Systems},
  volume={62},
  number={5},
  pages={663--674},
  year={2014},
  publisher={Elsevier}
}

@article{walter2014framework,
  title={A framework for learning semantic maps from grounded natural language descriptions},
  author={Walter, Matthew R and Hemachandra, Sachithra and Homberg, Bianca and Tellex, Stefanie and Teller, Seth},
  journal={The International Journal of Robotics Research},
  volume={33},
  number={9},
  pages={1167--1190},
  year={2014},
  publisher={SAGE Publications}
}

@inproceedings{ranganathan2007semantic,
  title={Semantic modeling of places using objects},
  author={Ranganathan, Ananth and Dellaert, Frank},
  booktitle={Proceedings of the 2007 Robotics: Science and Systems Conference},
  volume={3},
  pages={27--30},
  year={2007}
}

@inproceedings{vatsavai2010unsupervised,
  title={Unsupervised semantic labeling framework for identification of complex facilities in high-resolution remote sensing images},
  author={Vatsavai, Ranga Raju and Cheriyadat, Anil and Gleason, Shaun},
  booktitle={Data Mining Workshops (ICDMW), 2010 IEEE International Conference on},
  pages={273--280},
  year={2010},
  organization={IEEE}
}

@article{nuchter2008towards,
  title={Towards semantic maps for mobile robots},
  author={N{\"u}chter, Andreas and Hertzberg, Joachim},
  journal={Robotics and Autonomous Systems},
  volume={56},
  number={11},
  pages={915--926},
  year={2008},
  publisher={Elsevier}
}

@article{wurm2014identifying,
  title={Identifying vegetation from laser data in structured outdoor environments},
  author={Wurm, Kai M and Kretzschmar, Henrik and K{\"u}mmerle, Rainer and Stachniss, Cyrill and Burgard, Wolfram},
  journal={Robotics and Autonomous Systems},
  volume={62},
  number={5},
  pages={675--684},
  year={2014},
  publisher={Elsevier}
}


@article{farabet2013learning,
  title={Learning hierarchical features for scene labeling},
  author={Farabet, Cl{\'e}ment and Couprie, Camille and Najman, Laurent and LeCun, Yann},
  journal={Pattern Analysis and Machine Intelligence, IEEE Transactions on},
  volume={35},
  number={8},
  pages={1915--1929},
  year={2013},
  publisher={IEEE}
}

@misc{Radish,
	author = "Howard, Andrew and Roy, Nicholas",
	title = "{The Robotics Data Set Repository (Radish)}",
	url = "http://radish.sourceforge.net",
	year = "2003"
}
